@article{gilbert1959random,
  title={Random graphs},
  author={Gilbert, Edgar N},
  journal={The Annals of Mathematical Statistics},
  volume={30},
  number={4},
  pages={1141--1144},
  year={1959},
  publisher={JSTOR}
}

@article{bollobas2007phase,
  title={The phase transition in inhomogeneous random graphs},
  author={Bollob{\'a}s, B{\'e}la and Janson, Svante and Riordan, Oliver},
  journal={Random Structures \& Algorithms},
  volume={31},
  number={1},
  pages={3--122},
  year={2007},
  publisher={Wiley Online Library}
}

@article{holland1983stochastic,
  title={Stochastic blockmodels: First steps},
  author={Holland, Paul W and Laskey, Kathryn Blackmond and Leinhardt, Samuel},
  journal={Social Networks},
  volume={5},
  number={2},
  pages={109--137},
  year={1983},
  publisher={Elsevier}
}

@article{airoldi2008mixed,
  title={Mixed membership stochastic blockmodels},
  author={Airoldi, Edoardo M and Blei, David M and Fienberg, Stephen E and Xing, Eric P},
  journal={Journal of Machine Learning Research},
  volume={9},
  number={Sep},
  pages={1981--2014},
  year={2008}
}

@article{karrer2011stochastic,
  title={Stochastic blockmodels and community structure in networks},
  author={Karrer, Brian and Newman, Mark EJ},
  journal={Physical Review E},
  volume={83},
  number={1},
  pages={016107},
  year={2011},
  publisher={APS}
}

@article{trunk1979problem,
  title={A problem of dimensionality: A simple example},
  author={Trunk, G. V.},
  journal={Pattern Analysis and Machine Intelligence, IEEE Transactions on},
  number={3},
  pages={306--307},
  year={1979},
  publisher={IEEE}
}

@inproceedings {stein1956inadmissibility,
    AUTHOR = {Stein, Charles},
     TITLE = {Inadmissibility of the usual estimator for the mean of a
              multivariate normal distribution},
 BOOKTITLE = {Proceedings of the {T}hird {B}erkeley {S}ymposium on
              {M}athematical {S}tatistics and {P}robability,
              vol. {I}},
     PAGES = {197--206},
 PUBLISHER = {University of California Press, Berkeley and Los Angeles},
      YEAR = {1956},
   MRCLASS = {62.0X},
  MRNUMBER = {0084922},
MRREVIEWER = {S. S. Wilks},
}

@incollection {james1961estimation,
    AUTHOR = {James, W. and Stein, Charles},
     TITLE = {Estimation with quadratic loss},
 BOOKTITLE = {Proceedings of the {F}ourth {B}erkeley {S}ymposium on
              {M}athematical {S}tatistics and {P}robability,
              {V}ol. {I}},
     PAGES = {361--379},
 PUBLISHER = {Univ. California Press, Berkeley, Calif.},
      YEAR = {1961},
   MRCLASS = {62.30},
  MRNUMBER = {0133191},
MRREVIEWER = {J. Kiefer},
}

@article{gutmann1982stein,
  title={Stein's paradox is impossible in problems with finite sample space},
  author={Gutmann, Sam},
  journal={The Annals of Statistics},
  pages={1017--1020},
  year={1982},
  publisher={JSTOR}
}

@article{jiang2001median,
  title={On Median Graphs: Properties, Algorithms, and Applications},
  author={Jiang, Xiaoyi and M{\"u}unger, Andreas and Bunke, Horst},
  journal={IEEE Transactions on Pattern Analysis and Machine Intelligence},
  volume={23},
  number={10},
  pages={1144--1151},
  year={2001},
  publisher={IEEE Computer Society}
}

@article{ginestet2014hypothesis,
  title={Hypothesis Testing For Network Data in Functional Neuroimaging},
  author={Ginestet, Cedric E and Balanchandran, Prakash and Rosenberg, Steven and Kolaczyk, Eric D},
  journal={arXiv preprint arXiv:1407.5525},
  year={2014}
}

@article{sussman2014consistent,
  title={Consistent latent position estimation and vertex classification for random dot product graphs},
  author={Sussman, Daniel L and Tang, Minh and Priebe, Carey E},
  journal={IEEE transactions on pattern analysis and machine intelligence},
  volume={36},
  number={1},
  pages={48--57},
  year={2014},
  publisher={IEEE}
}

@article{zhu2006automatic,
  title={Automatic dimensionality selection from the scree plot via the use of profile likelihood},
  author={Zhu, Mu and Ghodsi, Ali},
  journal={Computational Statistics \& Data Analysis},
  volume={51},
  number={2},
  pages={918--930},
  year={2006},
  publisher={Elsevier}
}

@article{chatterjee2015matrix,
  title={Matrix estimation by universal singular value thresholding},
  author={Chatterjee, Sourav},
  journal={The Annals of Statistics},
  volume={43},
  number={1},
  pages={177--214},
  year={2015},
  publisher={Institute of Mathematical Statistics}
}

@inproceedings{marchette2011vertex,
  title={Vertex nomination via attributed random dot product graphs},
  author={Marchette, David and Priebe, Carey and Coppersmith, Glen},
  booktitle={Proceedings of the 57th ISI World Statistics Congress},
  volume={6},
  pages={16},
  year={2011}
}

@article{scheinerman2010modeling,
  title={Modeling graphs using dot product representations},
  author={Scheinerman, Edward R and Tucker, Kimberly},
  journal={Computational Statistics},
  volume={25},
  number={1},
  pages={1--16},
  year={2010},
  publisher={Springer}
}

@article{athreya2016limit,
  title={A limit theorem for scaled eigenvectors of random dot product graphs},
  author={Athreya, Avanti and Priebe, Carey E and Tang, Minh and Lyzinski, Vince and Marchette, David J and Sussman, Daniel L},
  journal={Sankhya A},
  volume={78},
  number={1},
  pages={1--18},
  year={2016},
  publisher={Springer}
}

@article{brown1977means,
  title={Means and variances of stochastic vector products with applications to random linear models},
  author={Brown, Gerald G and Rutemiller, Herbert C},
  journal={Management Science},
  volume={24},
  number={2},
  pages={210--216},
  year={1977},
  publisher={INFORMS}
}

@article{zuo2014open,
  title={An open science resource for establishing reliability and reproducibility in functional connectomics},
  author={Zuo, Xi-Nian and Anderson, Jeffrey S and Bellec, Pierre and Birn, Rasmus M and Biswal, Bharat B and Blautzik, Janusch and Breitner, John CS and Buckner, Randy L and Calhoun, Vince D and Castellanos, F Xavier and others},
  journal={Scientific data},
  volume={1},
  year={2014},
  publisher={Nature Publishing Group}
}

@article{gorgolewski2015high,
  title={A high resolution 7-Tesla resting-state fMRI test-retest dataset with cognitive and physiological measures},
  author={Gorgolewski, Krzysztof J and Mendes, Natacha and Wilfling, Domenica and Wladimirow, Elisabeth and Gauthier, Claudine J and Bonnen, Tyler and Ruby, Florence JM and Trampel, Robert and Bazin, Pierre-Louis and Cozatl, Roberto and others},
  journal={Scientific data},
  volume={2},
  year={2015},
  publisher={Nature Publishing Group}
}

@inproceedings{roncal2013migraine,
  title={{MIGRAINE}: {MRI} graph reliability analysis and inference for connectomics},
  author={Roncal, William Gray and Koterba, Zachary H and Mhembere, Disa and Kleissas, Dean M and Vogelstein, Joshua T and Burns, Randal and Bowles, Anita R and Donavos, Dimitrios K and Ryman, Sephira and Jung, Rex E and others},
  booktitle={Global Conference on Signal and Information Processing (GlobalSIP), 2013 IEEE},
  pages={313--316},
  year={2013},
  organization={IEEE}
}

@misc{kiar2016ndmg,
  author       = {Kiar, Gregory and
                  Gray Roncal, William and
                  Mhembere, Disa and
                  Bridgeford, Eric and
                  Burns, Randal and
                  Vogelstein, Joshua T.},
  title        = {ndmg: {N}euro{D}ata's {MRI} graphs pipeline},
  year         = 2016,
  doi          = {10.5281/zenodo.60206},
  url          = {https://doi.org/10.5281/zenodo.60206}
}

@article{tang2016law,
  title={Law of Large Graphs},
  author={Tang, Runze and Ketcha, Michael and Vogelstein, Joshua T and Priebe, Carey E and Sussman, Daniel L},
  journal={arXiv preprint arXiv:1609.01672},
  year={2016}
}

@article{ferrari2010maximum,
  title={Maximum {L}q-likelihood estimation},
  author={Ferrari, Davide and Yang, Yuhong},
  journal={The Annals of Statistics},
  volume={38},
  number={2},
  pages={753--783},
  year={2010},
  publisher={Institute of Mathematical Statistics}
}

@article {AIC:AIC690280519,
author = {Mah, R. S. H. and Tamhane, A. C.},
title = {Detection of gross errors in process data},
journal = {AIChE Journal},
volume = {28},
number = {5},
publisher = {American Institute of Chemical Engineers},
issn = {1547-5905},
url = {http://dx.doi.org/10.1002/aic.690280519},
doi = {10.1002/aic.690280519},
pages = {828--830},
year = {1982},
}

@book{bickel2007mathematical,
  title={Mathematical Statistics: Basic Ideas and Selected Topics},
  author={Bickel, Peter J and Doksum, Kjell A},
  volume={i},
  year={2007},
  edition = {second},
  publisher={Pearson Prentice Hall}
}

@article{qin2017robust,
  title={Robust hypothesis testing via {L}q-likelihood},
  author={Qin, Yichen and Priebe, Carey E},
  journal={Statistica Sinica preprint SS-2015-0441R2},
  year={2017}
}

@incollection{serfling2011asymptotic,
  title={Asymptotic relative efficiency in estimation},
  author={Serfling, Robert},
  booktitle={International encyclopedia of statistical science},
  pages={68--72},
  year={2011},
  publisher={Springer}
}

@article{newey1994large,
  title={Large sample estimation and hypothesis testing},
  author={Newey, Whitney K and McFadden, Daniel},
  journal={Handbook of Econometrics},
  volume={4},
  pages={2111--2245},
  year={1994},
  publisher={Elsevier}
}

@article{oliveira2009concentration,
  title={Concentration of the adjacency matrix and of the {L}aplacian in random graphs with independent edges},
  author={Oliveira, Roberto Imbuzeiro},
  journal={arXiv preprint arXiv:0911.0600},
  year={2009}
}

@book{horn2012matrix,
  title={Matrix analysis},
  author={Horn, Roger A and Johnson, Charles R},
  year={2012},
  publisher={Cambridge university press}
}

@article{davis1970rotation,
  title={The rotation of eigenvectors by a perturbation. III},
  author={Davis, Chandler and Kahan, William Morton},
  journal={SIAM Journal on Numerical Analysis},
  volume={7},
  number={1},
  pages={1--46},
  year={1970},
  publisher={SIAM}
}

@article{rohe2011spectral,
  title={Spectral clustering and the high-dimensional stochastic blockmodel},
  author={Rohe, Karl and Chatterjee, Sourav and Yu, Bin},
  journal={The Annals of Statistics},
  pages={1878--1915},
  year={2011},
  publisher={JSTOR}
}

@article{tropp2012user,
  title={User-friendly tail bounds for sums of random matrices},
  author={Tropp, Joel A},
  journal={Foundations of computational mathematics},
  volume={12},
  number={4},
  pages={389--434},
  year={2012},
  publisher={Springer}
}










































